@misc{emilmasoumi/rop-compiler,
  author={Emil Masoumi},
  title={emilmasoumi/rop-ompiler},
  howpublished={\url{https://github.com/emilmasoumi/rop-compiler}},
  note={Accessed: 09.01.2023}
}

@misc{Speedi13/ROP-Compiler,
  author={Speedi13},
  title={Speedi13/ROP-Compiler},
  howpublished={\url{https://github.com/Speedi13/ROP-COMPILER}},
  note={Accessed: 09.01.2023}
}

@misc{ret2libc,
  author={Solar Designer},
  title={Getting around non-executable stack (and fix).},
  howpublished={\url{https://seclists.org/bugtraq/1997/Aug/63}},
  note={Accessed: 09.01.2023},
  year={1997}
}

@misc{JonathanSalwan/ROPgadget,
  author={Jonathan Salwan},
  title={JonathanSalwan/ROPgadget},
  howpublished={\url{https://github.com/JonathanSalwan/ROPgadget}},
  note={Accessed: 09.01.2023}
}

@misc{sashs/Ropper,
  author={Jonathan Salwan},
  title={sashs/Ropper},
  howpublished={\url{https://github.com/sashs/Ropper}},
  note={Accessed: 09.01.2023}
}

@mastersthesis{branting2022rop,
  title={ROP-chain generation using Genetic Programming: GENROP},
  author={Branting, Jonatan},
  organiztaion={Linköping University},
  year={2022}
}

@article{stewart2015rop,
  title={ROP Compiler},
  author={Stewart, Jeff and Dedhia, Veer},
  journal={URL: https://css.csail.mit.edu/6.858/2015/projects/je25365-ve25411.pdf},
  year={2015}
}

@misc{angr/angrop,
  title={angr/angrop},
  howpublished={\url{https://github.com/angr/angrop}},
  note={Accessed: 09.01.2023}
}

@misc{angr,
  title={angr.io},
  howpublished={\url{https://angr.io}},
  note={Accessed: 10.01.2023}
}

@article{shoshitaishvili2016state,
  title={SoK: (State of) The Art of War: Offensive Techniques in Binary Analysis},
  author={Shoshitaishvili, Yan and Wang, Ruoyu and Salls, Christopher and Stephens, Nick and Polino, Mario and Dutcher, Audrey and Grosen, Jessie and Feng, Siji and Hauser, Christophe and Kruegel, Christopher and Vigna, Giovanni},
  booktitle={IEEE Symposium on Security and Privacy},
  year={2016}
}

@inproceedings{bhattacharyya2020specrop,
  title={$\{$SpecROP$\}$: Speculative Exploitation of $\{$ROP$\}$ Chains},
  author={Bhattacharyya, Atri and S{\'a}nchez, Andr{\'e}s and Koruyeh, Esmaeil M and Abu-Ghazaleh, Nael and Song, Chengyu and Payer, Mathias},
  booktitle={23rd International Symposium on Research in Attacks, Intrusions and Defenses (RAID 2020)},
  pages={1--16},
  year={2020}
}

@article{sadeghi2018pure,
  title={Pure-Call Oriented Programming (PCOP): chaining the gadgets using call instructions},
  author={Sadeghi, AliAkbar and Niksefat, Salman and Rostamipour, Maryam},
  journal={Journal of Computer Virology and Hacking Techniques},
  volume={14},
  number={2},
  pages={139--156},
  year={2018},
  publisher={Springer}
}

@inproceedings{schwartz2011q,
  title={Q: Exploit hardening made easy},
  author={Schwartz, Edward J and Avgerinos, Thanassis and Brumley, David},
  booktitle={20th USENIX Security Symposium (USENIX Security 11)},
  year={2011}
}

@article{cheng2014ropecker,
  title={ROPecker: A generic and practical approach for defending against ROP attack},
  author={Cheng, Yueqiang and Zhou, Zongwei and Miao, Yu and Ding, Xuhua and Deng, Robert H},
  year={2014},
  publisher={Internet Society}
}

@inproceedings{nurmukhametov2021majorca,
  title={MAJORCA: Multi-Architecture JOP and ROP Chain Assembler},
  author={Nurmukhametov, Alexey and Vishnyakov, Alexey and Logunova, Vlada and Kurmangaleev, Shamil},
  booktitle={2021 Ivannikov Ispras Open Conference (ISPRAS)},
  pages={37--46},
  year={2021},
  organization={IEEE}
}
